@misc{ownMeas1200,
  author    = {Florian Adamczyk},
  institution = {1. Physikalisches Institut, Justus Liebig Universität},
  location    = {Gießen},
  editor      = {Prof. Dr. Sangam Chatterjee},
  title     = {Own Measurements and Evaluation of TCBC SHG/THG},
  year      = {2025},
  note      = {Unpublished data, own experiments},
}

@misc{TempMeas,
  author    = {Florian Adamczyk},
  institution = {1. Physikalisches Institut, Justus Liebig Universität},
  location    = {Gießen},
  editor      = {Prof. Dr. Sangam Chatterjee},
  title     = {Manual Documentation of Temperature},
  year      = {2025},
  note      = {Recorded on 09.05.2025, unpublished data},
}

@misc{SHGAndorSolis,
  author    = {Florian Adamczyk},
  institution = {1. Physikalisches Institut, Justus Liebig Universität},
  location    = {Gießen},
  editor      = {Prof. Dr. Sangam Chatterjee},
  title     = {SHG Measurement with Andor Solis Spectrograph},
  year      = {2025},
  note      = {Unpublished data, own experiments},
}
